%% Created using Papers on Fri, 11 Nov 2011.
%% http://mekentosj.com/papers/

@article{Chen:2011tq,
author = {Chen, Yen-Huei and Chou, Shao-Yu and Lee, Q and Chan, Wei-Min and Sun, D and Liao, Hung-Jen and Wang, Ping and Chang, Meng-Fan and Yamauchi, H},
title = {{A 40nm fully functional SRAM with BL swing and WL pulse measurement scheme for eliminating a need for additional sensing tolerance margins}},
journal = {VLSI Circuits (VLSIC), 2011 Symposium on},
year = {2011},
pages = {70--71}
}

@inproceedings{Zhai:2004tl,
author = {Zhai, B and Blaauw, D. and Sylvester, D.},
title = {{Theoretical and practical limits of dynamic voltage scaling}},
booktitle = {Proceedings of the 41st {\ldots}},
year = {2004}
}

@article{Miller:tj,
author = {Miller, TN and Thomas, R},
title = {{Mitigating the Effects of Process Variation in Ultra-low Voltage Chip Multiprocessors using Dual Supply Voltages and Half-Speed Stages}},
journal = {cse.ohio-state.edu}
}

@inproceedings{Wieckowski:2008bo,
author = {Wieckowski, M and Park, Young Min and Tokunaga, C and Kim, Dong Woon and Foo, Zhiyoong and Sylvester, D. and Blaauw, D.},
title = {{Timing yield enhancement through soft edge flip-flop based design}},
booktitle = {Custom Integrated Circuits Conference, 2008. CICC 2008. IEEE},
year = {2008},
pages = {543--546}
}

@inproceedings{Anonymous:KPf_S0Nb,
author = {Borkar, S and Karnik, T and Narendra, S},
title = {{Parameter variations and impact on circuits and microarchitecture}},
booktitle = {Proceedings of the {\ldots}},
year = {2003}
}

@webpage{Ytterdal:wf,
author = {Ytterdal, T and Cheng, Y and Fjeldly, T A},
title = {{Device Modeling for Analog and RF CMOS Circuit Design.}},
url = {http://media.wiley.com/product_data/excerpt/96/04714986/0471498696.pdf}
}

@article{Calhoun:2004ur,
author = {Calhoun, BH},
title = {{Characterizing and modeling minimum energy operation for subthreshold circuits}},
year = {2004}
}

@inproceedings{Rithe:ih,
author = {Rithe, R and Chou, S and Jie Gu and Wang, A and Datla, S and Gammie, G and Buss, D and Chandrakasan, A},
title = {{Cell Library Characterization at Low Voltage using Non-linear Operating Point Analysis of Local Variations}},
booktitle = {2011 24th International Conference on VLSI Design: concurrently with the 10th International Conference on Embedded Systems Design},
pages = {112--117},
publisher = {IEEE}
}

@article{Roy:2009de,
author = {Roy, K and Kulkarni, J and Hwang, Myeong},
title = {{Low-voltage process-adaptive logic and memory arrays for ultralow-power sensor nodes}},
journal = {Sensors, 2009 IEEE},
year = {2009},
pages = {185--188}
}

@inproceedings{KyungseokKim:jc,
author = {Kyungseok Kim and Agrawal, V D},
title = {{True Minimum Energy Design Using Dual Below-Threshold Supply Voltages}},
booktitle = {2011 24th International Conference on VLSI Design: concurrently with the 10th International Conference on Embedded Systems Design},
pages = {292--297},
publisher = {IEEE}
}

@inproceedings{Kakoee:2010bb,
author = {Kakoee, Mohammad Reza and Sathanur, Ashoka and Pullini, Antonio and Huisken, Jos and Benini, Luca},
title = {{Automatic Synthesis of Near-Threshold Circuits with Fine-Grained Performance Tunability}},
booktitle = {the 16th ACM/IEEE international symposium},
year = {2010},
pages = {401--406},
publisher = {ACM Press},
address = {New York, New York, USA}
}

@inproceedings{Shin:2010cj,
author = {Shin, J.L and Huang, Dawei and Petrick, B and Hwang, Changku and Leon, A.S and Strong, A},
title = {{A 40nm 16-core 128-thread SPARC{\textregistered} SoC processor}},
booktitle = {Solid State Circuits Conference (A-SSCC), 2010 IEEE Asian},
year = {2010},
pages = {1--4}
}

@article{Seok:bz,
author = {Seok, Mingoo and Chen, Gregory and Hanson, Scott and Wieckowski, Michael and Blaauw, David and Sylvester, Dennis},
title = {{CAS-FEST 2010: Mitigating Variability in Near-Threshold Computing}},
journal = {IEEE Journal on Emerging and Selected Topics in Circuits and Systems},
volume = {1},
number = {1},
pages = {42--49}
}

@inproceedings{Paul:2004cx,
author = {Paul, B.C and Raychowdhury, A and Roy, K},
title = {{Device Optimization for Ultra-Low Power Digital Sub-Threshold Operation}},
booktitle = {Low Power Electronics and Design, 2004. ISLPED '04. Proceedings of the 2004 International Symposium on},
year = {2004},
pages = {96--101}
}

@webpage{Hanson:vn,
author = {Hanson, Scott and Sylvester, Dennis},
title = {{Chasing Nanowatts: The Next Design Challenge for the New Decade}},
url = {http://webadmin.dac.com/knowledgecenter/2010/documents/Hanson-Final.pdf}
}

@article{Wittenbrink:wl,
author = {Wittenbrink, CM and Kilgariff, E},
title = {{Fermi GF100 GPU Architecture}}},
journal = {IEEE Micro}}
}

@article{Watanabe:2008hf,
author = {Watanabe, R and Oishi, A and Sanuki, T and Kimijima, H and Okamoto, K and Fujita, S and Fukui, H and Yoshida, K and Otani, H and Morifuji, E and Kojima, K and Inohara, M and Igrashi, H and Honda, K and Yoshimura, H and Nakayama, T and Miyake, S and Hirai, T and Iwamoto, T and Nakahara, Y and Kinoshita, K and Morimoto, T and Kobayashi, S and Kyoh, S and Ikeda, M and Imai, K and Iwai, M and Nakamura, N and Matsuoka, F},
title = {{A low power 40nm CMOS technology featuring extremely high density of logic (2100kGate/mm2) and SRAM (0.195μm2) for wide range of mobile applications with wireless system}},
journal = {Electron Devices Meeting, 2008. IEDM 2008. IEEE International},
year = {2008},
pages = {1--4}
}

@article{Chang:2010bq,
author = {Chang, Meng-Fan and Wu, Jui-Jen and Chen, Kuang-Ting and Chen, Yung-Chi and Chen, Yen-Hui and Lee, Robin and Liao, Hung-Jen and Yamauchi, Hiroyuki},
title = {{A Differential Data-Aware Power-Supplied (D<formula formulatype="inline"><tex Notation="TeX">{\$}^{2}{\$}</tex></formula>AP) 8T SRAM Cell With Expanded Write/Read Stabilities for Lower VDDmin Applications}},
journal = {IEEE Journal of Solid-State Circuits},
year = {2010},
volume = {45},
number = {6},
pages = {1234--1245},
month = jun
}

@inproceedings{Hanson:2007ja,
author = {Hanson, Scott and Zhai, Bo and Seok, Mingoo and Cline, Brian and Zhou, Kevin and Singhal, Meghna and Minuth, Michael and Olson, Javin and Nazhandali, Leyla and Austin, Todd and Sylvester, Dennis and Blaauw, David},
title = {{Performance and Variability Optimization Strategies in a Sub-200mV, 3.5pJ/inst,
lnW SubthresholdProcessor}},
booktitle = {2007 IEEE Symposium on VLSI Circuits},
year = {2007},
pages = {152--153},
publisher = {IEEE}
}

@inproceedings{Raychowdhury:2006fu,
author = {{Raychowdhury}},
title = {{Ultralow Power Computing with Sub-threshold Leakage: A Comparative Study of Bulk and SOI Technologies}},
booktitle = {Design, Automation and Test in Europe, 2006. DATE '06. Proceedings},
year = {2006},
pages = {1--6}
}

@article{Vaddi:2009js,
author = {Vaddi, Ramesh and Dasgupta, S and Agarwal, R P},
title = {{Device and Circuit Design Challenges in the Digital Subthreshold Region for Ultralow-Power Applications}},
journal = {VLSI Design},
year = {2009},
volume = {2009},
pages = {1--14}
}

@inproceedings{Hanson:2007uu,
author = {Hanson, S and Seok, Mingoo and Sylvester, D. and Blaauw, D.},
title = {{Nanometer Device Scaling in Subthreshold Circuits}},
booktitle = {Design Automation Conference, 2007. DAC '07. 44th ACM/IEEE},
year = {2007},
pages = {700--705}
}

@article{Enz:1995vs,
author = {Enz, CC and Krummenacher, F},
title = {{An analytical MOS transistor model valid in all regions of operation and dedicated to low-voltage and low-current applications}},
journal = {Analog integrated circuits and {\ldots}},
year = {1995}
}

@inproceedings{Dreslinski:2010ez,
author = {Dreslinski, R.G and Wieckowski, M and Blaauw, D. and Sylvester, D. and Mudge, T},
title = {{Near-Threshold Computing: Reclaiming Moore's Law Through Energy Efficient Integrated Circuits}},
booktitle = {Proceedings of the IEEE},
year = {2010},
pages = {253--266}
}

@article{Bowman:2002cp,
author = {Bowman, K.A. and Duvall, S.G. and Meindl, J.D.},
title = {{Impact of die-to-die and within-die parameter fluctuations on the maximum clock frequency distribution for gigascale integration}},
journal = {IEEE Journal of Solid-State Circuits},
year = {2002},
volume = {37},
number = {2},
pages = {183--190}
}

@article{Wang:2004bw,
author = {Wang, L C and Liou, J J and Cheng, K T},
title = {{Critical Path Selection for Delay Fault Testing Based Upon a Statistical Timing Model}},
journal = {IEEE Transactions on Computer-Aided Design of Integrated Circuits and Systems},
year = {2004},
volume = {23},
number = {11},
pages = {1550--1565},
month = nov
}

@inproceedings{Pu:2010hf,
author = {Pu, Yu and Zhang, Xin and Huang, J and Muramatsu, A and Nomura, M and Hirairi, K and Takata, H and Sakurabayashi, T and Miyano, S and Takamiya, M and Sakurai, T},
title = {{Misleading energy and performance claims in sub/near threshold digital systems}},
booktitle = {Computer-Aided Design (ICCAD), 2010 IEEE/ACM International Conference on},
year = {2010},
pages = {625--631}
}

@inproceedings{Tsung:ec,
author = {Tsung, Pei-Kuei and Lin, Ping-Chih and Chen, Kuan-Yu and Chuang, Tzu-Der and Yang, Hsin-Jung and Chien, Shao-Yi and Ding, Li-Fu and Chen, Wei-Yin and Cheng, Chih-Chi and Chen, Tung-Chien and Chen, Liang-Gee},
title = {{A 216fps 4096×2160p 3DTV Set-Top Box SoC for Free-Viewpoint 3DTV Application}},
booktitle = {2011 IEEE International Solid- State Circuits Conference - (ISSCC)},
pages = {124--126},
publisher = {IEEE}
}

