%% Created using Papers on Thu, 10 Nov 2011.
%% http://mekentosj.com/papers/

@article{Dreslinski:2008fi,
author = {Dreslinski, R.G and Chen, G.K and Mudge, T and Blaauw, D and Sylvester, D and Flautner, K.},
title = {{Reconfigurable energy efficient near threshold cache architectures}},
journal = {Microarchitecture, 2008. MICRO-41. 2008 41st IEEE/ACM International Symposium on},
year = {2008},
pages = {459--470}
}

@inproceedings{Esmaeilzadeh2011Dark-silicon-an,
author = {Esmaeilzadeh, Hadi and Blem, Emily and St Amant, Renee and Sankaralingam, Karthikeyan and Burger, Doug},
title = {{Dark silicon and the end of multicore scaling}},
booktitle = {ISCA},
year = {2011},
pages = {365--376},
publisher = {ACM},
address = {New York, NY, USA}
}

@article{Hardavellas:2011de,
author = {Hardavellas, N and Ferdman, M and Falsafi, B and Ailamaki, A},
title = {{Toward Dark Silicon in Servers}},
journal = {IEEE Micro},
year = {2011},
volume = {31},
number = {4},
pages = {6--15}
}

@inproceedings{Pu2010Misleading-ener,
author = {Pu, Yu and Zhang, Xin and Huang, J. and Muramatsu, A. and Nomura, M. and Hirairi, K. and Takata, H. and Sakurabayashi, T. and Miyano, S. and Takamiya, M. and Sakurai, T.},
title = {{Misleading energy and performance claims in sub/near threshold digital systems}},
booktitle = {Computer-Aided Design (ICCAD), 2010 IEEE/ACM International Conference on},
year = {2010},
pages = {625--631},
month = nov
}

@article{dreslinski2010near,
author = {Dreslinski, R.G and Wieckowski, M. and Blaauw, D and Sylvester, D and Mudge, T},
title = {{Near-Threshold Computing: Reclaiming Moore's Law Through Energy Efficient Integrated Circuits}},
journal = {Proceedings of the IEEE},
year = {2010},
volume = {98},
number = {2},
pages = {253--266},
}

@inproceedings{Dreslinski:2007id,
author = {Dreslinski, R.G and Zhai, Bo and Mudge, T and Blaauw, D and Sylvester, D},
title = {{An Energy Efficient Parallel Architecture Using Near Threshold Operation}},
booktitle = {Parallel Architecture and Compilation Techniques, 2007. PACT 2007. 16th International Conference on},
year = {2007},
pages = {175--188}
}

@article{Zhai:2007kn,
author = {Zhai, Bo and Dreslinski, R.G and Blaauw, D and Mudge, T and Sylvester, D},
title = {{Energy efficient near-threshold chip multi-processing}},
journal = {Low Power Electronics and Design (ISLPED), 2007 ACM/IEEE International Symposium on},
year = {2007},
pages = {32--37}
}

@article{Devised_2009, title={International Technology Roadmap for Semiconductors}, url={http://www.itrs.net/}, publisher={Semiconductor Industry Association}, year={2009}}
